@book{stacks-project,
  author       = {The {Stacks project authors}},
  title        = {The Stacks project},
  howpublished = {\url{https://stacks.math.columbia.edu}},
  year         = {2019},
}

@BOOK{MorphismNotes,
AUTHOR="Ryan Richet",
TITLE="Smooth, Unramified, and Etale Morphisms/Smooth algebraic groups",
PUBLISHER="",
YEAR="2015",
}

@article{fpqc-sheaf,
    author = {Waterhouse, C. William},
    title = {Basically Bounded Functors and Flat Sheaves},
    journal = {Pacific Hournal of Mathematics},
    volume = {Vol. 57},
    year = {1975}
}

@book{vakil,
    author = {Vakil, Ravi},
    title = {Foundations of Algebraic Geometry},
    howpublished=
    {\url{http://math.stanford.edu/~vakil/216blog/FOAGnov1817public.pdf}},
    year = {2017}
}
